@article{Rosenblatt58theperceptron,
	author = {Rosenblatt, Frank},
	title = {The Perceptron: A Probabilistic Model for Information Storage and Organization in The Brain},
	journal = {Psychological Review},
	year = {1958},
	pages = {65--386}
}

@book{rosenblatt1957perceptron,
	title={The perceptron, a perceiving and recognizing automaton},
	author={Rosenblatt, Frank},
	year={1957},
	publisher={Cornell Aeronautical Laboratory}
}

@misc{neuron_wikipedia_article,
	author = "{Wikipedia contributors}",
	title = "Neuron --- {Wikipedia}{,} The Free Encyclopedia",
	year = "2020",
	howpublished = "\url{https://en.wikipedia.org/w/index.php?title=Neuron&oldid=973943839}",
	note = "[Online; accessed 20-August-2020]"
}
